{
    "Balance_Sheet_Annually": [
        [
            {
                "Balance Sheet": "Current Assets",
                "2022-12-31": "1,324,458",
                "2021-12-31": "1,156,218",
                "2020-12-31": "585,401",
                "2019-12-31": "315,594"
            },
            {
                "Balance Sheet": "Inventory",
                "2022-12-31": "15,962",
                "2021-12-31": "12,509",
                "2020-12-31": "22,254",
                "2019-12-31": "4,367"
            },
            {
                "Balance Sheet": "Investments",
                "2022-12-31": "484,200",
                "2021-12-31": "497,318",
                "2020-12-31": "450,448",
                "2019-12-31": "323,258"
            },
            {
                "Balance Sheet": "Fixed Assets",
                "2022-12-31": "124,032",
                "2021-12-31": "96,440",
                "2020-12-31": "90,212",
                "2019-12-31": "4,912"
            },
            {
                "Balance Sheet": "Other Assets",
                "2022-12-31": "480,179",
                "2021-12-31": "76,465",
                "2020-12-31": "21,284",
                "2019-12-31": "27,626"
            },
            {
                "Balance Sheet": "Total Assets",
                "2022-12-31": "2,428,831",
                "2021-12-31": "1,838,950",
                "2020-12-31": "1,169,599",
                "2019-12-31": "675,757"
            },
            {
                "Balance Sheet": "Current Liabilities",
                "2022-12-31": "1,200,477",
                "2021-12-31": "1,033,985",
                "2020-12-31": "573,592",
                "2019-12-31": "307,558"
            },
            {
                "Balance Sheet": "Non-Current Liabilities",
                "2022-12-31": "493,944",
                "2021-12-31": "236,194",
                "2020-12-31": "77,221",
                "2019-12-31": "22,032"
            },
            {
                "Balance Sheet": "Other Liabilities",
                "2022-12-31": "-",
                "2021-12-31": "-",
                "2020-12-31": "-",
                "2019-12-31": "-"
            },
            {
                "Balance Sheet": "Shareholders Equity",
                "2022-12-31": "734,410",
                "2021-12-31": "568,906",
                "2020-12-31": "518,786",
                "2019-12-31": "346,167"
            },
            {
                "Balance Sheet": "Total Liabilities and Shareholder Equity",
                "2022-12-31": "2,428,831",
                "2021-12-31": "1,838,950",
                "2020-12-31": "1,169,599",
                "2019-12-31": "675,757"
            },
            {
                "Balance Sheet": "Minority Interests",
                "2022-12-31": "-",
                "2021-12-31": "-135",
                "2020-12-31": "-",
                "2019-12-31": "-"
            },
            {
                "Balance Sheet": "All Figures in",
                "2022-12-31": "Thousands",
                "2021-12-31": "Thousands",
                "2020-12-31": "Thousands",
                "2019-12-31": "Thousands"
            },
            {
                "Balance Sheet": "All Currency In",
                "2022-12-31": "^",
                "2021-12-31": "^",
                "2020-12-31": "^",
                "2019-12-31": "^"
            },
            {
                "Balance Sheet": "Last Update Date",
                "2022-12-31": "2023-03-06",
                "2021-12-31": "2022-07-19",
                "2020-12-31": "2022-07-14",
                "2019-12-31": "2022-07-18"
            }
        ]
    ],
    "Balance_Sheet_Quarterly": [
        [
            {
                "Balance Sheet": "Current Assets",
                "2023-06-30": "1,541,381",
                "2023-03-31": "1,730,511",
                "2022-09-30": "1,458,066",
                "2022-06-30": "1,369,058"
            },
            {
                "Balance Sheet": "Inventory",
                "2023-06-30": "16,155",
                "2023-03-31": "14,059",
                "2022-09-30": "12,757",
                "2022-06-30": "13,142"
            },
            {
                "Balance Sheet": "Investments",
                "2023-06-30": "718,108",
                "2023-03-31": "434,020",
                "2022-09-30": "456,705",
                "2022-06-30": "475,339"
            },
            {
                "Balance Sheet": "Fixed Assets",
                "2023-06-30": "138,088",
                "2023-03-31": "127,994",
                "2022-09-30": "109,776",
                "2022-06-30": "98,132"
            },
            {
                "Balance Sheet": "Other Assets",
                "2023-06-30": "599,692",
                "2023-03-31": "690,258",
                "2022-09-30": "156,994",
                "2022-06-30": "28,082"
            },
            {
                "Balance Sheet": "Total Assets",
                "2023-06-30": "3,013,424",
                "2023-03-31": "2,996,842",
                "2022-09-30": "2,194,298",
                "2022-06-30": "1,983,753"
            },
            {
                "Balance Sheet": "Current Liabilities",
                "2023-06-30": "1,408,083",
                "2023-03-31": "1,418,851",
                "2022-09-30": "1,049,680",
                "2022-06-30": "1,169,651"
            },
            {
                "Balance Sheet": "Non-Current Liabilities",
                "2023-06-30": "878,386",
                "2023-03-31": "802,043",
                "2022-09-30": "472,901",
                "2022-06-30": "151,895"
            },
            {
                "Balance Sheet": "Other Liabilities",
                "2023-06-30": "-",
                "2023-03-31": "-",
                "2022-09-30": "-",
                "2022-06-30": "-"
            },
            {
                "Balance Sheet": "Shareholders Equity",
                "2023-06-30": "726,955",
                "2023-03-31": "775,948",
                "2022-09-30": "671,717",
                "2022-06-30": "662,381"
            },
            {
                "Balance Sheet": "Total Liabilities and Shareholder Equity",
                "2023-06-30": "3,013,424",
                "2023-03-31": "2,996,842",
                "2022-09-30": "2,194,298",
                "2022-06-30": "1,983,753"
            },
            {
                "Balance Sheet": "Minority Interests",
                "2023-06-30": "-",
                "2023-03-31": "-",
                "2022-09-30": "-",
                "2022-06-30": "-174"
            },
            {
                "Balance Sheet": "All Figures in",
                "2023-06-30": "Thousands",
                "2023-03-31": "Thousands",
                "2022-09-30": "Thousands",
                "2022-06-30": "Thousands"
            },
            {
                "Balance Sheet": "All Currency In",
                "2023-06-30": "^",
                "2023-03-31": "^",
                "2022-09-30": "^",
                "2022-06-30": "^"
            },
            {
                "Balance Sheet": "Last Update Date",
                "2023-06-30": "2023-08-03",
                "2023-03-31": "2023-05-21",
                "2022-09-30": "2022-11-01",
                "2022-06-30": "2022-08-14"
            }
        ]
    ],
    "Statement_Of_Income_Annually": [
        [
            {
                "Statement Of Income": "Sales",
                "2022-12-31": "1,106,830",
                "2021-12-31": "1,085,321",
                "2020-12-31": "587,451",
                "2019-12-31": "456,536"
            },
            {
                "Statement Of Income": "Sales Cost",
                "2022-12-31": "809,667",
                "2021-12-31": "839,860",
                "2020-12-31": "463,142",
                "2019-12-31": "379,134"
            },
            {
                "Statement Of Income": "Total Income",
                "2022-12-31": "297,163",
                "2021-12-31": "245,461",
                "2020-12-31": "124,309",
                "2019-12-31": "77,402"
            },
            {
                "Statement Of Income": "Other Revenues",
                "2022-12-31": "53,525",
                "2021-12-31": "23,438",
                "2020-12-31": "15,093",
                "2019-12-31": "24,477"
            },
            {
                "Statement Of Income": "Total Revenues",
                "2022-12-31": "350,688",
                "2021-12-31": "268,899",
                "2020-12-31": "139,402",
                "2019-12-31": "101,879"
            },
            {
                "Statement Of Income": "Admin and Marketing Expenses",
                "2022-12-31": "70,745",
                "2021-12-31": "51,263",
                "2020-12-31": "27,617",
                "2019-12-31": "24,074"
            },
            {
                "Statement Of Income": "Depreciation",
                "2022-12-31": "8,179",
                "2021-12-31": "7,859",
                "2020-12-31": "6,517",
                "2019-12-31": "5,458"
            },
            {
                "Statement Of Income": "Other Expenses",
                "2022-12-31": "15,121",
                "2021-12-31": "7,979",
                "2020-12-31": "1,924",
                "2019-12-31": "8,024"
            },
            {
                "Statement Of Income": "Total Expenses",
                "2022-12-31": "94,045",
                "2021-12-31": "67,101",
                "2020-12-31": "36,058",
                "2019-12-31": "37,556"
            },
            {
                "Statement Of Income": "Net Income Before Zakat",
                "2022-12-31": "256,643",
                "2021-12-31": "201,798",
                "2020-12-31": "103,344",
                "2019-12-31": "64,323"
            },
            {
                "Statement Of Income": "Zakat",
                "2022-12-31": "10,899",
                "2021-12-31": "8,463",
                "2020-12-31": "4,711",
                "2019-12-31": "4,630"
            },
            {
                "Statement Of Income": "Net Income",
                "2022-12-31": "245,744",
                "2021-12-31": "193,335",
                "2020-12-31": "98,633",
                "2019-12-31": "59,693"
            },
            {
                "Statement Of Income": "Balance First Period",
                "2022-12-31": "134,060",
                "2021-12-31": "127,462",
                "2020-12-31": "88,692",
                "2019-12-31": "38,775"
            },
            {
                "Statement Of Income": "Reserves",
                "2022-12-31": "24,574",
                "2021-12-31": "19,372",
                "2020-12-31": "9,863",
                "2019-12-31": "5,969"
            },
            {
                "Statement Of Income": "Cash Dividends",
                "2022-12-31": "80,000",
                "2021-12-31": "147,750",
                "2020-12-31": "50,000",
                "2019-12-31": "-"
            },
            {
                "Statement Of Income": "Other Distributions",
                "2022-12-31": "385",
                "2021-12-31": "20,000",
                "2020-12-31": "-",
                "2019-12-31": "3,806"
            },
            {
                "Statement Of Income": "Balance End Period",
                "2022-12-31": "274,844",
                "2021-12-31": "134,060",
                "2020-12-31": "127,462",
                "2019-12-31": "88,692"
            },
            {
                "Statement Of Income": "All Figures in",
                "2022-12-31": "Thousands",
                "2021-12-31": "Thousands",
                "2020-12-31": "Thousands",
                "2019-12-31": "Thousands"
            },
            {
                "Statement Of Income": "All Currency In",
                "2022-12-31": "^",
                "2021-12-31": "^",
                "2020-12-31": "^",
                "2019-12-31": "^"
            },
            {
                "Statement Of Income": "Last Update Date",
                "2022-12-31": "2023-03-06",
                "2021-12-31": "2022-07-19",
                "2020-12-31": "2022-07-14",
                "2019-12-31": "2022-07-18"
            }
        ]
    ],
    "Statement_Of_Income_Quarterly": [
        [
            {
                "Statement Of Income": "Sales",
                "2023-06-30": "263,384",
                "2023-03-31": "319,602",
                "2022-09-30": "406,066",
                "2022-06-30": "134,152"
            },
            {
                "Statement Of Income": "Sales Cost",
                "2023-06-30": "185,103",
                "2023-03-31": "249,610",
                "2022-09-30": "290,975",
                "2022-06-30": "95,192"
            },
            {
                "Statement Of Income": "Total Income",
                "2023-06-30": "78,281",
                "2023-03-31": "69,992",
                "2022-09-30": "115,091",
                "2022-06-30": "38,960"
            },
            {
                "Statement Of Income": "Other Revenues",
                "2023-06-30": "41,493",
                "2023-03-31": "2,994",
                "2022-09-30": "1,830",
                "2022-06-30": "11,567"
            },
            {
                "Statement Of Income": "Total Revenues",
                "2023-06-30": "119,774",
                "2023-03-31": "72,986",
                "2022-09-30": "116,921",
                "2022-06-30": "50,527"
            },
            {
                "Statement Of Income": "Admin and Marketing Expenses",
                "2023-06-30": "22,030",
                "2023-03-31": "22,289",
                "2022-09-30": "14,395",
                "2022-06-30": "12,251"
            },
            {
                "Statement Of Income": "Depreciation",
                "2023-06-30": "2,277",
                "2023-03-31": "2,207",
                "2022-09-30": "3,816",
                "2022-06-30": "3,435"
            },
            {
                "Statement Of Income": "Other Expenses",
                "2023-06-30": "21,924",
                "2023-03-31": "3,788",
                "2022-09-30": "5,347",
                "2022-06-30": "3,133"
            },
            {
                "Statement Of Income": "Total Expenses",
                "2023-06-30": "46,231",
                "2023-03-31": "28,284",
                "2022-09-30": "23,558",
                "2022-06-30": "18,819"
            },
            {
                "Statement Of Income": "Net Income Before Zakat",
                "2023-06-30": "73,543",
                "2023-03-31": "44,702",
                "2022-09-30": "93,363",
                "2022-06-30": "31,708"
            },
            {
                "Statement Of Income": "Zakat",
                "2023-06-30": "2,537",
                "2023-03-31": "3,164",
                "2022-09-30": "3,603",
                "2022-06-30": "1,668"
            },
            {
                "Statement Of Income": "Net Income",
                "2023-06-30": "71,006",
                "2023-03-31": "41,538",
                "2022-09-30": "89,760",
                "2022-06-30": "30,040"
            },
            {
                "Statement Of Income": "Balance First Period",
                "2023-06-30": "312,228",
                "2023-03-31": "274,844",
                "2022-09-30": "218,187",
                "2022-06-30": "191,157"
            },
            {
                "Statement Of Income": "Reserves",
                "2023-06-30": "7,101",
                "2023-03-31": "4,154",
                "2022-09-30": "8,972",
                "2022-06-30": "3,003"
            },
            {
                "Statement Of Income": "Cash Dividends",
                "2023-06-30": "120,000",
                "2023-03-31": "-",
                "2022-09-30": "80,000",
                "2022-06-30": "-"
            },
            {
                "Statement Of Income": "Other Distributions",
                "2023-06-30": "-",
                "2023-03-31": "-",
                "2022-09-30": "-",
                "2022-06-30": "-"
            },
            {
                "Statement Of Income": "Balance End Period",
                "2023-06-30": "256,134",
                "2023-03-31": "312,228",
                "2022-09-30": "218,551",
                "2022-06-30": "218,187"
            },
            {
                "Statement Of Income": "All Figures in",
                "2023-06-30": "Thousands",
                "2023-03-31": "Thousands",
                "2022-09-30": "Thousands",
                "2022-06-30": "Thousands"
            },
            {
                "Statement Of Income": "All Currency In",
                "2023-06-30": "^",
                "2023-03-31": "^",
                "2022-09-30": "^",
                "2022-06-30": "^"
            },
            {
                "Statement Of Income": "Last Update Date",
                "2023-06-30": "2023-08-03",
                "2023-03-31": "2023-05-21",
                "2022-09-30": "2022-11-01",
                "2022-06-30": "2022-08-14"
            }
        ]
    ],
    "Cash_Flows_Annually": [
        [
            {
                "Cash Flows": "Net Income",
                "2022-12-31": "256,642",
                "2021-12-31": "201,797",
                "2020-12-31": "103,344",
                "2019-12-31": "64,323"
            },
            {
                "Cash Flows": "Depreciation",
                "2022-12-31": "13,862",
                "2021-12-31": "14,315",
                "2020-12-31": "12,432",
                "2019-12-31": "9,428"
            },
            {
                "Cash Flows": "Accounts Receivable",
                "2022-12-31": "23,960",
                "2021-12-31": "-193,619",
                "2020-12-31": "10,591",
                "2019-12-31": "-60,703"
            },
            {
                "Cash Flows": "Inventory",
                "2022-12-31": "-3,453",
                "2021-12-31": "9,745",
                "2020-12-31": "-17,887",
                "2019-12-31": "-912"
            },
            {
                "Cash Flows": "Prepaid Expenses",
                "2022-12-31": "48,592",
                "2021-12-31": "-67,635",
                "2020-12-31": "-64,806",
                "2019-12-31": "-6,176"
            },
            {
                "Cash Flows": "Accounts Payable",
                "2022-12-31": "212,391",
                "2021-12-31": "204,903",
                "2020-12-31": "97,301",
                "2019-12-31": "54,081"
            },
            {
                "Cash Flows": "Other Changes in Oper. Activity",
                "2022-12-31": "-674,809",
                "2021-12-31": "65,129",
                "2020-12-31": "-177,548",
                "2019-12-31": "-23,891"
            },
            {
                "Cash Flows": "Purchases of Fixed Assets",
                "2022-12-31": "-43,925",
                "2021-12-31": "-10,570",
                "2020-12-31": "-27,978",
                "2019-12-31": "-2,711"
            },
            {
                "Cash Flows": "Other Changes in Investing Act.",
                "2022-12-31": "126,814",
                "2021-12-31": "-2,022",
                "2020-12-31": "-143,168",
                "2019-12-31": "23,097"
            },
            {
                "Cash Flows": "Increase in Debts",
                "2022-12-31": "115,053",
                "2021-12-31": "500,330",
                "2020-12-31": "198,400",
                "2019-12-31": "-"
            },
            {
                "Cash Flows": "Other Changes in Financing Act.",
                "2022-12-31": "-83,405",
                "2021-12-31": "-379,376",
                "2020-12-31": "15,182",
                "2019-12-31": "-131,954"
            },
            {
                "Cash Flows": "Cash at Begining of Period",
                "2022-12-31": "32,414",
                "2021-12-31": "64,981",
                "2020-12-31": "4,112",
                "2019-12-31": "85,055"
            },
            {
                "Cash Flows": "Cash at End of Period",
                "2022-12-31": "24,136",
                "2021-12-31": "407,978",
                "2020-12-31": "9,975",
                "2019-12-31": "9,637"
            },
            {
                "Cash Flows": "All Figures in",
                "2022-12-31": "Thousands",
                "2021-12-31": "Thousands",
                "2020-12-31": "Thousands",
                "2019-12-31": "Thousands"
            },
            {
                "Cash Flows": "All Currency In",
                "2022-12-31": "^",
                "2021-12-31": "^",
                "2020-12-31": "^",
                "2019-12-31": "^"
            },
            {
                "Cash Flows": "Last Update Date",
                "2022-12-31": "2023-03-06",
                "2021-12-31": "2022-07-19",
                "2020-12-31": "2022-07-14",
                "2019-12-31": "2022-07-18"
            }
        ]
    ],
    "Cash_Flows_Quarterly": [
        [
            {
                "Cash Flows": "Net Income",
                "2023-06-30": "118,246",
                "2023-03-31": "44,702",
                "2022-09-30": "191,553",
                "2022-06-30": "98,190"
            },
            {
                "Cash Flows": "Depreciation",
                "2023-06-30": "4,489",
                "2023-03-31": "2,207",
                "2022-09-30": "11,161",
                "2022-06-30": "7,345"
            },
            {
                "Cash Flows": "Accounts Receivable",
                "2023-06-30": "82,908",
                "2023-03-31": "78,250",
                "2022-09-30": "157,274",
                "2022-06-30": "171,678"
            },
            {
                "Cash Flows": "Inventory",
                "2023-06-30": "-193",
                "2023-03-31": "1,903",
                "2022-09-30": "-248",
                "2022-06-30": "-632"
            },
            {
                "Cash Flows": "Prepaid Expenses",
                "2023-06-30": "-33,802",
                "2023-03-31": "-5,287",
                "2022-09-30": "45,570",
                "2022-06-30": "-2,369"
            },
            {
                "Cash Flows": "Accounts Payable",
                "2023-06-30": "-84,354",
                "2023-03-31": "-66,477",
                "2022-09-30": "8,466",
                "2022-06-30": "-21,578"
            },
            {
                "Cash Flows": "Other Changes in Oper. Activity",
                "2023-06-30": "-264,437",
                "2023-03-31": "-174,842",
                "2022-09-30": "-269,365",
                "2022-06-30": "-390,258"
            },
            {
                "Cash Flows": "Purchases of Fixed Assets",
                "2023-06-30": "-18,904",
                "2023-03-31": "-7,043",
                "2022-09-30": "-17,222",
                "2022-06-30": "-9,892"
            },
            {
                "Cash Flows": "Other Changes in Investing Act.",
                "2023-06-30": "-88,957",
                "2023-03-31": "53,010",
                "2022-09-30": "10,120",
                "2022-06-30": "61,465"
            },
            {
                "Cash Flows": "Increase in Debts",
                "2023-06-30": "399,775",
                "2023-03-31": "560,132",
                "2022-09-30": "330,491",
                "2022-06-30": "91,639"
            },
            {
                "Cash Flows": "Other Changes in Financing Act.",
                "2023-06-30": "-120,000",
                "2023-03-31": "-401,961",
                "2022-09-30": "-257,270",
                "2022-06-30": "-2,455"
            },
            {
                "Cash Flows": "Cash at Begining of Period",
                "2023-06-30": "24,137",
                "2023-03-31": "24,137",
                "2022-09-30": "32,414",
                "2022-06-30": "32,414"
            },
            {
                "Cash Flows": "Cash at End of Period",
                "2023-06-30": "18,908",
                "2023-03-31": "108,731",
                "2022-09-30": "242,944",
                "2022-06-30": "35,547"
            },
            {
                "Cash Flows": "All Figures in",
                "2023-06-30": "Thousands",
                "2023-03-31": "Thousands",
                "2022-09-30": "Thousands",
                "2022-06-30": "Thousands"
            },
            {
                "Cash Flows": "All Currency In",
                "2023-06-30": "^",
                "2023-03-31": "^",
                "2022-09-30": "^",
                "2022-06-30": "^"
            },
            {
                "Cash Flows": "Last Update Date",
                "2023-06-30": "2023-08-03",
                "2023-03-31": "2023-05-21",
                "2022-09-30": "2022-11-01",
                "2022-06-30": "2022-08-14"
            }
        ]
    ]
}